@article{jaubert2020benchmark,
	title={Benchmark database containing binary-system-high-quality-certified data for cross-comparing thermodynamic models and assessing their accuracy},
	author={Jaubert, Jean-No\"{e}l and Le Guennec, Yohann and Pi\~{n}a-Martinez, Andr\'{e}s and Ramirez-Velez, Nicolas and Lasala, Silvia and Schmid, Bastian and Nikolaidis, Ilias K and Economou, Ioannis G and Privat, Romain},
	journal={Industrial \& Engineering Chemistry Research},
	volume={59},
	number={33},
	pages={14981--15027},
	year={2020},
	publisher={ACS Publications}
}

@misc{atkins2006atkins,
	title={Atkinsâ€™ physical chemistry},
	author={Atkins, Peter and De Paula, Julio},
	year={2006},
	publisher={Oxford university press Oxford}
}